@article {Stynes:2017,
    AUTHOR = {Stynes, Martin and O'Riordan, Eugene and Gracia, Jos\'{e} Luis},
     TITLE = {Error analysis of a finite difference method on graded meshes
              for a time-fractional diffusion equation},
   JOURNAL = {SIAM J. Numer. Anal.},
  FJOURNAL = {SIAM Journal on Numerical Analysis},
    VOLUME = {55},
      YEAR = {2017},
    NUMBER = {2},
     PAGES = {1057--1079},
      ISSN = {0036-1429},
   MRCLASS = {65M06 (35B65 35R11 65M15)},
  MRNUMBER = {3639581},
MRREVIEWER = {Ali R. Soheili},
       DOI = {10.1137/16M1082329},
       URL = {https://doi.org/10.1137/16M1082329},
}


@article {Stynes:2019,
    AUTHOR = {Chen, Hu and Stynes, Martin},
     TITLE = {Error analysis of a second-order method on fitted meshes for a
              time-fractional diffusion problem},
   JOURNAL = {J. Sci. Comput.},
  FJOURNAL = {Journal of Scientific Computing},
    VOLUME = {79},
      YEAR = {2019},
    NUMBER = {1},
     PAGES = {624--647},
      ISSN = {0885-7474},
   MRCLASS = {65M70 (35R11 65M12)},
  MRNUMBER = {3936261},
       DOI = {10.1007/s10915-018-0863-y},
       URL = {https://doi.org/10.1007/s10915-018-0863-y},
}